@ONLINE {tutorialspoint,
    author = "tutorials point",
    title  = "Moore and Mealy Machines",
    url    = "https://www.tutorialspoint.com/automata_theory/moore_and_mealy_machines.htm"
}
@ONLINE {allaboutcircuits,
    author = "All About Circuits",
    title  = "Universal Shift Registers: Parallel-in, Parallel-out",
    url    = "https://www.allaboutcircuits.com/textbook/digital/chpt-12/parallel-in-parallel-out-universal-shift-register/"
}
@ONLINE {nandland:metastabilty,
    author = "Nand Land",
    title  = "What is Metastability in an FPGA?",
    url    = "https://www.nandland.com/articles/metastability-in-an-fpga.html"
}
@ONLINE {nandland:crossing-domains,
    author = "Nand Land",
    title  = "Crossing Clock Domains in an FPGA",
    url    = "https://www.nandland.com/articles/crossing-clock-domains-in-an-fpga.html"
}
@ONLINE {nandland:setup-hold-time,
    author = "Nand Land",
    title  = "What is Setup and Hold Time in an FPGA?",
    url    = "https://www.nandland.com/articles/setup-and-hold-time-in-an-fpga.html"
}