@BOOK {janaxelson2004,
    author    = "Jan Axelson",
    title     = "USB Complete",
    publisher = "Lakeview Research",
    year      = "2004",
    edition   = "second"
}
@ARTICLE {NISSIM2017675,
    author   = "Nir Nissim and Ran Yahalom and Yuval Elovici",
    title    = "USB-based attacks",
    journal  = "Computers \\& Security",
    year     = "2017",
    volume   = "70",
    pages    = "675 - 688",
    issn     = "0167-4048",
    doi      = "https://doi.org/10.1016/j.cose.2017.08.002",
    url      = "http://www.sciencedirect.com/science/article/pii/S0167404817301578",
    keywords = "USB, Device, Attack, Malicious, Malware",
    abstract = "Attackers increasingly take advantage of innocent users who tend to use USB peripherals casually, assuming these peripherals are benign when in fact they may carry an embedded malicious payload that can be used to launch attacks. In recent years, USB peripherals have become an attractive tool for launching cyber-attacks. In this survey, we review 29 different USB-based attacks and utilize our new taxonomy to classify them into four major categories. These attacks target both individuals and organizations; utilize widely used USB peripherals, such as keyboards, mice, flash drives, smartphones etc. For each attack, we address the objective it achieves and identify the associated and vulnerable USB peripherals and hardware."
}
@MANUAL {lattice:ice40,
    title        = "ICE40 LP/HX Family Data Sheet",
    organization = "Lattice Semiconductor",
    month        = "mar",
    year         = "2017",
    note         = "Rev. 3.3"
}
@MANUAL {microchip:usb3300,
    title        = "USB3300 USB PHY IC Data Sheet",
    organization = "Microchip Technology Inc.",
    month        = "jan",
    year         = "2013",
    note         = "Rev. 1.1"
}
@MANUAL {lattice:ice-library,
    title        = "Lattice ICE Technology Library",
    organization = "Lattice Semiconductor",
    month        = "mar",
    year         = "2015",
    note         = "Rev. 2.9"
}
@MANUAL {stuartsutherland2001,
    title        = "Verilog HDL Quick Reference Guide",
    author       = "Stuart Sutherland",
    organization = "Sutherland HDL",
    year         = "2001"
}
@MANUAL {tcpdump:pcap,
    title        = "PCAP reference manual",
    organization = "The Tcpdump Group",
    month        = "jul",
    year         = "2018"
}
@MANUAL {usb:hid,
    title        = "Device Class Definition for Human Interface Devices (HID) V1.11",
    organization = "USB Implementers Forum, Inc",
    month        = "jun",
    year         = "2001"
}
@ONLINE {obijuan:tutorial-fpga,
    author = "Juan Gonzalez-Gomez (Obijuan)",
    title  = "Tutorial de FPGA utilizando lenguaje descriptivo Verilog",
    month  = "nov",
    year   = "2015",
    url    = "https://github.com/Obijuan/open-fpga-verilog-tutorial/wiki"
}
@ONLINE {mqpelectronicsltd2008,
    author = "MQP Electronics Ltd",
    title  = "USB made simple",
    year   = "2008",
    url    = "http://www.usbmadesimple.co.uk/"
}
@ONLINE {franciscomoya2017,
    author = "Francisco Moya Fernández",
    title  = "Introducción a Raspberry Pi",
    month  = "jan",
    year   = "2017",
    url    = "https://franciscomoya.gitbooks.io/taller-de-raspberry-pi/content/es/index.html"
}
@ONLINE {wiresharkdisector2014,
    author = "Ulf Lamping, Luis E. Garcia Ontanon, Graham Bloice",
    title  = "Adding a basic dissector",
    month  = "dec",
    year   = "2014",
    url    = "https://www.wireshark.org/docs/wsdg_html_chunked/ChDissectAdd.html"
}
@ONLINE {pcap2017,
    author = "M. Tuexen, Ed., Muenster Univ. of Appl. Sciences, F. Risso, Politecnico di Torino, J. Bongertz, Airbus DS CyberSecurity, G. Combs, Wireshark, G. Harris",
    title  = "PCAP next generation file format specification",
    year   = "2017",
    url    = "https://github.com/pcapng/pcapng"
}
@ONLINE {craigpeacock2010,
    author = "Craig Peacock",
    title  = "USB in a nutshell",
    year   = "2010",
    url    = "http://www.beyondlogic.org/usbnutshell/usb1.shtml"
}
@TECHREPORT {altera:metastability2009,
    author      = "J. Stephenson, D. Chen, R. Fung, J. Chromczak",
    title       = "Understanding Metastability in FPGAs",
    institution = "Intel FPGAs (formerly Altera)",
    year        = "2009",
    month       = "jul"
}
@ONLINE {caesar03012015,
    author = "caesar0301",
    title  = "Awesome pcaptools",
    year   = "2015",
    url    = "https://github.com/caesar0301/awesome-pcaptools"
}
@MANUAL {ulpi-specs,
    title        = "UTMI+ Low Pin Interface (ULPI) Specification",
    organization = "ARC International, Conexant Systems, Mentor Graphics Corporation, Philips, SMSC, TransDimension",
    month        = "oct",
    year         = "2004",
    note         = "Rev. 1.1"
}
@MANUAL {microchip:ulpi,
    title        = "ULPI Design Guide",
    organization = "Microchip Technology Inc.",
    month        = "nov",
    year         = "2012",
    note         = "Application Note (AN) 19.17; Rev. 1.0"
}