@MISC {tfg08b,
    author       = "Luis Sánchez",
    title        = "Directrices de organización del documento final del Trabajo Fin de Grado Tareas Científico-Técnicas",
    month        = "apr",
    year         = "2013",
    howpublished = "Disponible en línea en \url{https://campusvirtual.uclm.es/mod/resource/view.php?id=1082293}"
}
@MISC {andrewlittlefield2016,
    author       = "Andrew Littlefield",
    title        = "{The Beginner’s Guide To Scrum And Agile Project Management}",
    howpublished = "Disponible online en \url{https://blog.trello.com/beginners-guide-scrum-and-agile-project-management}",
    month        = "sep",
    year         = "2016"
}
@MISC {scrumguide,
    author       = "Ken Schwaber and Jeff Sutherland",
    title        = "{The Scrum Guide\texttrademark{} -- The Definitive Guide to Scrum: The Rules of the Game}",
    howpublished = "Disponible online en \url{http://www.scrumguides.org/docs/scrumguide/v2016/2016-Scrum-Guide-US.pdf}",
    month        = "sep",
    year         = "2016"
}
@BOOK {scottchaconbenstraub2018,
    author    = "Scott Chacon and Ben Straub",
    title     = "{Pro Git v. 2.1.78}",
    publisher = "APress",
    year      = "2018",
    edition   = "second",
    month     = "jul",
    note      = "Disponible en línea en \url{https://git-scm.com/book/en/v2}"
}